<?xml version="1.0" encoding="UTF-8"?>
<marc:collection xmlns:marc="http://www.loc.gov/MARC21/slim" xmlns:xsi="http://www.w3.org/2001/XMLSchema-instance" xsi:schemaLocation="http://www.loc.gov/MARC21/slim http://www.loc.gov/standards/marcxml/schema/MARC21slim.xsd">
   <marc:record type="Bibliographic">
      <marc:leader>01464cam a2200253 a 4500</marc:leader>
      <marc:controlfield tag="001">2768646</marc:controlfield>
      <marc:controlfield tag="003">NjP</marc:controlfield>
      <marc:controlfield tag="005">20130531142605.0</marc:controlfield>
      <marc:controlfield tag="008">940802s1948    ua            000 0 arard</marc:controlfield>
      <marc:datafield tag="024" ind1="7" ind2=" ">
         <marc:subfield code="a">princeton_aco000587</marc:subfield>
         <marc:subfield code="2">local</marc:subfield>
      </marc:datafield>
      <marc:datafield tag="035" ind1=" " ind2=" ">
         <marc:subfield code="a">(OCoLC)ocm30861222</marc:subfield>
      </marc:datafield>
      <marc:datafield tag="035" ind1=" " ind2=" ">
         <marc:subfield code="9">CNG5002TS</marc:subfield>
      </marc:datafield>
      <marc:datafield tag="040" ind1=" " ind2=" ">
         <marc:subfield code="a">UUM</marc:subfield>
         <marc:subfield code="c">UUM</marc:subfield>
         <marc:subfield code="d">PUL</marc:subfield>
      </marc:datafield>
      <marc:datafield tag="100" ind1="1" ind2=" ">
         <marc:subfield code="a">Quṭb al-Taḥtānī, Muḥammad ibn Muḥammad,</marc:subfield>
         <marc:subfield code="d">1294 or 1295-1364 or 1365.</marc:subfield>
      </marc:datafield>
      <marc:datafield tag="240" ind1="1" ind2="0">
         <marc:subfield code="a">Sharḥ Shamsīyah</marc:subfield>
      </marc:datafield>
      <marc:datafield tag="245" ind1="1" ind2="0">
         <marc:subfield code="a">Taḥrīr al-qawāʻid al-manṭiqīyah :</marc:subfield>
         <marc:subfield code="b">sharḥ al-Risālah al- Shamsīyah li-Najm al-Dīn ʻUmar ibn ʻAlī al-Qazwīnī al-maʻrūf bi-al- Kātibī /</marc:subfield>
         <marc:subfield code="c">taʼlīf Quṭb al-Dīn Maḥmūd ibn Muḥammad al-Rāzī. Wa-bi- asfal ṣaḥāʼifihi Ḥāshiyah ʻalá Taḥrīr al-qawāʻid al-mantiqīyah / li- ʻAlī ibn Muḥammad al-Jurjānī.</marc:subfield>
      </marc:datafield>
      <marc:datafield tag="260" ind1=" " ind2=" ">
         <marc:subfield code="a">[Egypt :</marc:subfield>
         <marc:subfield code="b">s.n.],</marc:subfield>
         <marc:subfield code="c">1948</marc:subfield>
         <marc:subfield code="e">(Miṣr :</marc:subfield>
         <marc:subfield code="f">Maṭbaʻat Muṣṭafá al- Bābī al-Ḥalabī)</marc:subfield>
      </marc:datafield>
      <marc:datafield tag="300" ind1=" " ind2=" ">
         <marc:subfield code="a">172 p. ;</marc:subfield>
         <marc:subfield code="c">28 cm.</marc:subfield>
      </marc:datafield>
      <marc:datafield tag="590" ind1=" " ind2=" ">
         <marc:subfield code="a">Photocopy.</marc:subfield>
      </marc:datafield>
      <marc:datafield tag="600" ind1="1" ind2="0">
         <marc:subfield code="a">Qazwīnī, ʻAlī ibn ʻUmar,</marc:subfield>
         <marc:subfield code="d">1203 or 4-1276 or 7.</marc:subfield>
         <marc:subfield code="t">Risālah al-Shamsīyah fī al-qawāʻid al-manṭiqīyah.</marc:subfield>
      </marc:datafield>
      <marc:datafield tag="650" ind1=" " ind2="0">
         <marc:subfield code="a">Logic</marc:subfield>
         <marc:subfield code="v">Early works to 1800.</marc:subfield>
      </marc:datafield>
      <marc:datafield tag="700" ind1="1" ind2="2">
         <marc:subfield code="a">Jurjānī, ʻAlī ibn Muḥammad,</marc:subfield>
         <marc:subfield code="c">al-Sayyid al-Sharīf,</marc:subfield>
         <marc:subfield code="d">1340-1413.</marc:subfield>
         <marc:subfield code="t">Ḥāshiyah ʻalá Taḥrīr al-qawāʻid al-mantiqīyah.</marc:subfield>
      </marc:datafield>
      <marc:datafield tag="740" ind1="0" ind2=" ">
         <marc:subfield code="a">Ḥāshiyah ʻalá Taḥrīr al-qawāʻid al-mantiqīyah.</marc:subfield>
      </marc:datafield>
      <marc:datafield tag="852" ind1="0" ind2=" ">
         <marc:subfield code="b">nec</marc:subfield>
         <marc:subfield code="h">BC66.A73</marc:subfield>
         <marc:subfield code="i">Q29537 1948</marc:subfield>
         <marc:subfield code="p">3079475</marc:subfield>
         <marc:subfield code="x">reclassed from: 2271.5083.25.946</marc:subfield>
      </marc:datafield>
      <marc:datafield tag="945" ind1=" " ind2=" ">
         <marc:subfield code="a">F</marc:subfield>
         <marc:subfield code="b">1</marc:subfield>
         <marc:subfield code="c">2271.5083.25.946</marc:subfield>
      </marc:datafield>
      <marc:datafield tag="911" ind1=" " ind2=" ">
         <marc:subfield code="a">20000130</marc:subfield>
      </marc:datafield>
   </marc:record>
</marc:collection>
